=LDR  01205cim a22003377i 4500
=001  erc0001294107
=003  TLC
=005  20250130222527.0
=006  m\\\\\\\\h\\\\\\\\
=007  cr\una||||||||
=007  sz\usnnnn|||ed
=008  250130s2025\\\\nyunnnn\o\\\\\\||\\\eng\d
=020  \\$a9780063360532 (electronic audio bk.)
=037  \\$a5DC0AAAB-55F1-489C-93C6-B3405E74E540$bOverDrive, Inc.$nhttp://www.overdrive.com
=040  \\$aTLC$cTLC$dTLC$erda
=100  1\$aKureishi, Hanif,$eauthor.
=245  10$aShattered :$bA Memoir /$cHanif Kureishi
=264  \1$aNew York :$bHarperAudio,$c2025.
=300  \\$a1 sound file :$bdigital
=336  \\$aspoken word$bspw$2rdacontent
=337  \\$acomputer$bc$2rdamedia
=338  \\$aonline resource$bcr$2rdacarrier
=347  \\$aaudio file$2rda
=380  \\$aeAudiobook$2tlcgt
=385  \\$aGeneral$2tlctarget
=500  \\$aElectronic audio file.
=511  0\$aRead by Art Malik.
=533  \\$aElectronic reproduction.$bNew York$cHarperAudio$d2025$nAvailable via World Wide Web.
=655  \7$aElectronic audio books.$2local
=710  2\$aOverDrive, Inc.,$edistributor.
=856  40$zClick here to access$uhttp://link.overdrive.com/?websiteID=200561&titleID=10701675

