=LDR  01197cim a22003377i 4500
=001  erc0001280170
=003  TLC
=005  20241206220339.0
=006  m\\\\\\\\h\\\\\\\\
=007  cr\una||||||||
=007  sz\usnnnn|||ed
=008  241206s2025\\\\nyunnnn\o\\\\\\||\\\eng\d
=020  \\$a9781488233616 (electronic audio bk.)
=037  \\$a61190B0F-0924-43EB-88AB-8B6B7B3ADB0E$bOverDrive, Inc.$nhttp://www.overdrive.com
=040  \\$aTLC$cTLC$dTLC$erda
=100  1\$aKim, Ewhan,$eauthor.
=245  14$aThe black orb /$cEwhan Kim
=264  \1$aNew York :$bHarlequin Audio,$c2025.
=300  \\$a1 sound file :$bdigital
=336  \\$aspoken word$bspw$2rdacontent
=337  \\$acomputer$bc$2rdamedia
=338  \\$aonline resource$bcr$2rdacarrier
=347  \\$aaudio file$2rda
=380  \\$aeAudiobook$2tlcgt
=385  \\$aGeneral$2tlctarget
=500  \\$aElectronic audio file.
=511  0\$aRead by Earl T. Kim.
=533  \\$aElectronic reproduction.$bNew York$cHarlequin Audio$d2025$nAvailable via World Wide Web.
=655  \7$aElectronic audio books.$2local
=710  2\$aOverDrive, Inc.,$edistributor.
=856  40$zClick here to access$uhttp://link.overdrive.com/?websiteID=200561&titleID=10753302

