=LDR  01240cim a22003497i 4500
=001  erc0001109630
=003  TLC
=005  20230301054849.0
=006  m\\\\\\\\h\\\\\\\\
=007  cr\una||||||||
=007  sz\usnnnn|||ed
=008  230301s2023\\\\nyunnnn\o\\\\\\||\\\eng\d
=020  \\$a9781250903686 (electronic audio bk.)
=035  \\$a(OCoLC)1372646742
=037  \\$a41AEB1DD-4464-4E58-979A-47C2F27F2CBD$bOverDrive, Inc.$nhttp://www.overdrive.com
=040  \\$aTLC$cTLC$dTLC$erda
=100  1\$aKlune, TJ,$eauthor.
=245  14$aThe bones beneath my skin /$cTJ Klune
=264  \1$aNew York :$bMacmillan Audio,$c2023.
=300  \\$a1 sound file :$bdigital
=336  \\$aspoken word$bspw$2rdacontent
=337  \\$acomputer$bc$2rdamedia
=338  \\$aonline resource$bcr$2rdacarrier
=347  \\$aaudio file$2rda
=380  \\$aeAudiobook$2tlcgt
=385  \\$aGeneral$2tlctarget
=500  \\$aElectronic audio file.
=511  0\$aRead by Kirt Graves.
=533  \\$aElectronic reproduction.$bNew York$cMacmillan Audio$d2023$nAvailable via World Wide Web.
=655  \7$aElectronic audio books.$2local
=710  2\$aOverDrive, Inc.,$edistributor.
=856  40$zClick here to access$uhttp://link.overdrive.com/?websiteID=200561&titleID=9582126

